<?xml version="1.0" encoding="UTF-8"?><collection xmlns="http://www.loc.gov/MARC21/slim"><record><leader>00636nam--2200193-i-4500</leader><controlfield tag="001">000007196</controlfield><controlfield tag="002">20161230</controlfield><controlfield tag="005">20161230201027</controlfield><controlfield tag="008">060222s1000------------r-----000-0-eng-d</controlfield><datafield ind1=" " ind2=" " tag="040"><subfield code="a">IFIN-HH</subfield></datafield><datafield ind1=" " ind2=" " tag="080"><subfield code="a">537.52</subfield></datafield><datafield ind1="1" ind2=" " tag="110"><subfield code="a">Physical Society Of Gdr</subfield></datafield><datafield ind1="1" ind2="0" tag="245"><subfield code="a">Phenomena in ionized gases 1977</subfield><subfield code="b">Proceedings of the xiiith international conference on phenomena in ionized gases, berlin, september 12-17, 1977 gdr</subfield></datafield><datafield ind1=" " ind2=" " tag="260"><subfield code="a">Berlin</subfield><subfield code="b">Physical Society Of Gdr</subfield><subfield code="c">1977</subfield></datafield><datafield ind1=" " ind2=" " tag="300"><subfield code="a">THREE PARTS</subfield></datafield><datafield ind1=" " ind2=" " tag="490"><subfield code="a">Proceedings</subfield></datafield><datafield ind1=" " ind2=" " tag="787"><subfield code="a">Part Ii</subfield><subfield code="h">/450p./920p</subfield><subfield code="t">Contributed Papers</subfield></datafield><datafield ind1=" " ind2=" " tag="852"><subfield code="a">46229</subfield><subfield code="c">537.52</subfield></datafield><datafield ind1=" " ind2=" " tag="CAT"><subfield code="a">Sys</subfield><subfield code="c">20110804</subfield><subfield code="h">153300</subfield></datafield></record></collection>